@String { aaai        = {AAAI Conference on Artificial Intelligence (AAAI)} }
@String { aamas       = {International Conference on Autonomous Agents and Multiagent Systems (AAMAS)} }
@String { acc         = {American Control Conference (ACC)} }
@String { atm         = {Air Traffic Management Research and Development Seminar}}
@String { aiaa_info   = {AIAA Infotech@Aerospace Conference} }
@String { aiaa_jacic  = {Journal of Aerospace Computing, Information, and Communication} }
@String { allerton    = {Allerton Conference on Communication, Control, and Compution} }
@String { atio        = {AIAA Aviation Technology, Integration, and Operations Conference (ATIO)} }
@String { cacm        = {Communications of the ACM} }
@String { cav         = {International Conference on Computer-Aided Verification} }
@String { cdc         = {IEEE Conference on Decision and Control (CDC)} }
@String { cvpr        = {IEEE Computer Society Conference on Computer Vision and Pattern Recognition (CVPR)} }
@String { dasc        = {Digital Avionics Systems Conference (DASC)} }
@String { ecml        = {European Conference on Machine Learning (ECML)} }
@String { eccv        = {European Conference on Computer Vision (ECCV)} }
@String { gnc         = {AIAA Guidance, Navigation, and Control Conference (GNC)} }
@String { icaart      = {International Conference on Agents and Artificial Intelligence (ICAART)} }
@String { icaps       = {International Conference on Automated Planning and Scheduling (ICAPS)} }
@String { icassp      = {International Conference on Acoustics, Speech, and Signal Processing (ICASSP)} }
@String { iclr        = {International Conference on Learning Representations} }
@String { icml        = {International Conference on Machine Learning (ICML)} }
@String { icmla       = {International Conference on Machine Learning and Applications (ICMLA)} }
@String { icra        = {IEEE International Conference on Robotics and Automation (ICRA)} }
@String { icslp       = {International Conference on Spoken Language Processing (ICSLP)} }
@String { ieee_csm    = {IEEE Control Systems Magazine} }
@String { ieee_j_ac   = {IEEE Transactions on Automatic Control} }
@String { ieeeaero    = {IEEE Aerospace Conference} }
@String { ieeeciaig   = {IEEE Transactions on Computational Intelligence and AI in Games} }
@String { ieeecst     = {IEEE Transactions on Control Systems Technology} }
@String { ieeetiv     = {IEEE Transactions on Intelligent Vehicles} }
@String { ieeetac     = {IEEE Transactions on Automatic Control} }
@String { ieeetsp     = {IEEE Transactions on Signal Processing} }
@String { ijcai       = {International Joint Conference on Artificial Intelligence (IJCAI)} }
@String { ijrr        = {International Journal of Robotics Research} }
@String { interspeech = {Annual Conference of the International Speech Communication Association (INTERSPEECH)} }
@String { iros        = {IEEE/RSJ International Conference on Intelligent Robots and Systems (IROS)} }
@String { itsc        = {IEEE International Conference on Intelligent Transportation Systems (ITSC)} }
@String { iv          = {IEEE Intelligent Vehicles Symposium (IV)} }
@String { jaamas      = {Journal of Autonomous Agents and Multi-Agent Systems} }
@String { jair        = {Journal of Artificial Intelligence Research} }
@String { jgcd        = {AIAA Journal of Guidance, Control, and Dynamics} }
@String { jmlr        = {Journal of Machine Learning Research} }
@String { jota        = {Journal of Optimization Theory and Applications} }
@String { lion        = {Learning and Intelligent Optimization (LION)} }
@String { mit         = {Massachusetts Institute of Technology} }
@String { mitaa       = {Massachusetts Institute of Technology, Department of Aeronautics and Astronautics} }
@String { mitee       = {Massachusetts Institute of Technology, Department of Electrical Engineering and Computer Science} }
@String { mitme       = {Massachusetts Institute of Technology, Department of Mechanical Engineering} }
@String { mor         = {Mathematics of Operations Research} }
@String { nips        = {Advances in Neural Information Processing Systems (NIPS)} }
@String { neurips     = {Advances in Neural Information Processing Systems (NeurIPS)} }
@String { or          = {Operations Research} }
@String { rss         = {Robotics: Science and Systems} }
@String { sigcomm     = {ACM Special Interest Group on Data Communication (SIGCOMM)} }
@String { suaa        = {Stanford University, Department of Aeronautics and Astronautics} }
@String { suee        = {Stanford University, Department of Electrical Engineering} }
@String { sume        = {Stanford University, Department of Mechanical Engineering} }
@String { tac         = {IEEE Transactions on Automatic Control} }
@String { tacas       = {International Conference on Tools and Algorithms for the Construction and Analysis of Systems (TACAS)} }
@String { taes        = {IEEE Transactions on Aerospace and Electronic Systems} }
@String { uai         = {Conference on Uncertainty in Artificial Intelligence (UAI)} }

@article{brockman2016openai,
  title={Open{AI} {G}ym},
  author={Brockman, Greg and Cheung, Vicki and Pettersson, Ludwig and Schneider, Jonas and Schulman, John and Tang, Jie and Zaremba, Wojciech},
  journal={arXiv preprint arXiv:1606.01540},
  year={2016}
}

@inproceedings{ha2018recurrent,
  title={Recurrent World Models Facilitate Policy Evolution},
  author={Ha, David and Schmidhuber, J{\"u}rgen},
  booktitle=neurips,
  pages={2450--2462},
  year={2018}
}

@inproceedings{diederik2014auto,
  title={Auto-Encoding Variational {B}ayes},
  author={Kingma, Diederik P and Welling, Max},
  booktitle=iclr,
  volume={1},
  year={2014}
}

@article{hansen2016cma,
  title={The {CMA} Evolution Strategy: A Tutorial},
  author={Hansen, Nikolaus},
  journal={arXiv preprint arXiv:1604.00772},
  year={2016}
}

@article{ellefsen2019mixture,
  title={How do Mixture Density {RNN}s Predict the Future?},
  author={Ellefsen, Kai Olav and Martin, Charles Patrick and Torresen, Jim},
  journal={arXiv preprint arXiv:1901.07859},
  year={2019}
}

@article{bishop1994mixture,
  title={Mixture Density Networks},
  author={Bishop, Christopher M},
  year={1994},
  publisher={Aston University}
}

@article{arulkumaran2017brief,
  title={Deep Reinforcement Learning: A Brief Survey},
  author={Arulkumaran, Kai and Deisenroth, Marc Peter and Brundage, Miles and Bharath, Anil Anthony},
  journal={IEEE Signal Processing Magazine},
  volume={34},
  number={6},
  pages={26--38},
  year={2017},
  publisher={IEEE}
}

@inproceedings{mnih2013playing,
  title={Playing {A}tari with Deep Reinforcement Learning},
  author={Volodymyr, Mnih and Koray, Kavukcuoglu and David, Silver and Alex, Graves and Ioannis, Antonoglou and Daan, W and Martin, R},
  booktitle={NIPS Deep Learning Workshop},
  year={2013}
}

@article{mnih2015human,
  title={Human-level Control Through Deep Reinforcement Learning},
  author={Mnih, Volodymyr and Kavukcuoglu, Koray and Silver, David and Rusu, Andrei A and Veness, Joel and Bellemare, Marc G and Graves, Alex and Riedmiller, Martin and Fidjeland, Andreas K and Ostrovski, Georg and others},
  journal={Nature},
  volume={518},
  number={7540},
  pages={529--533},
  year={2015},
  publisher={Nature Publishing Group}
}

@inproceedings{wang2015dueling,
  title={Dueling Network Architectures for Deep Reinforcement Learning},
  author={Wang, Ziyu and Schaul, Tom and Hessel, Matteo and Van Hasselt, Hado and Lanctot, Marc and De Freitas, Nando},
  booktitle=icml,
  volume={48},
  pages={1995--2003},
  year={2016}
}

@article{lillicrap2015continuous,
  title={Continuous Control with Deep Reinforcement Learning},
  author={Lillicrap, Timothy P and Hunt, Jonathan J and Pritzel, Alexander and Heess, Nicolas and Erez, Tom and Tassa, Yuval and Silver, David and Wierstra, Daan},
  journal={arXiv preprint arXiv:1509.02971},
  year={2015}
}

@inproceedings{mnih2016asynchronous,
  title={Asynchronous Methods for Deep Reinforcement Learning},
  author={Mnih, Volodymyr and Badia, Adria Puigdomenech and Mirza, Mehdi and Graves, Alex and Lillicrap, Timothy and Harley, Tim and Silver, David and Kavukcuoglu, Koray},
  booktitle=icml,
  pages={1928--1937},
  year={2016}
}

@article{schulman2017proximal,
  title={Proximal Policy Optimization Algorithms},
  author={Schulman, John and Wolski, Filip and Dhariwal, Prafulla and Radford, Alec and Klimov, Oleg},
  journal={arXiv preprint arXiv:1707.06347},
  year={2017}
}

@article{wang2018deep,
  title={Deep Reinforcement Learning for Autonomous Driving},
  author={Wang, Sen and Jia, Daoyuan and Weng, Xinshuo},
  journal={arXiv preprint arXiv:1811.11329},
  year={2018}
}

@article{pinto2017asymmetric,
  title={Asymmetric Actor Critic for Image-based Robot Learning},
  author={Pinto, Lerrel and Andrychowicz, Marcin and Welinder, Peter and Zaremba, Wojciech and Abbeel, Pieter},
  journal={arXiv preprint arXiv:1710.06542},
  year={2017}
}

@inproceedings{kempka2016vizdoom,
  title={Vi{ZD}oom: A {D}oom-based {AI} Research Platform for Visual Reinforcement Learning},
  author={Kempka, Micha{\l} and Wydmuch, Marek and Runc, Grzegorz and Toczek, Jakub and Ja{\'s}kowski, Wojciech},
  booktitle={IEEE Conference on Computational Intelligence and Games (CIG)},
  pages={1--8},
  year={2016}
}

@article{ebert2018visual,
  title={Visual Foresight: Model-based Deep Reinforcement Learning for Vision-based Robotic Control},
  author={Ebert, Frederik and Finn, Chelsea and Dasari, Sudeep and Xie, Annie and Lee, Alex and Levine, Sergey},
  journal={arXiv preprint arXiv:1812.00568},
  year={2018}
}

@inproceedings{zhu2017target,
  title={Target-driven Visual Navigation in Indoor Scenes using Deep Reinforcement Learning},
  author={Zhu, Yuke and Mottaghi, Roozbeh and Kolve, Eric and Lim, Joseph J and Gupta, Abhinav and Fei-Fei, Li and Farhadi, Ali},
  booktitle=icra,
  pages={3357--3364},
  year={2017}
}

@article{li2018reinforcement,
  title={Reinforcement Learning and Deep Learning Based Lateral Control for Autonomous Driving},
  author={Li, Dong and Zhao, Dongbin and Zhang, Qichao and Chen, Yaran},
  journal={arXiv preprint arXiv:1810.12778},
  year={2018}
}

@inproceedings{haarnoja2018soft,
  title={Soft {A}ctor-{C}ritic: Off-policy Maximum Entropy Deep Reinforcement Learning with a Stochastic Actor},
  author={Haarnoja, Tuomas and Zhou, Aurick and Abbeel, Pieter and Levine, Sergey},
  booktitle=icml,
  pages={1861--1870},
  year={2018}
}

@article{levine2016end,
  title={End-to-end Training of Deep Visuomotor Policies},
  author={Levine, Sergey and Finn, Chelsea and Darrell, Trevor and Abbeel, Pieter},
  journal=jmlr,
  volume={17},
  number={1},
  pages={1334--1373},
  year={2016},
  publisher={JMLR. org}
}

@article{abbeel2010autonomous,
  title={Autonomous Helicopter Aerobatics through Apprenticeship Learning},
  author={Abbeel, Pieter and Coates, Adam and Ng, Andrew Y},
  journal={International Journal of Robotics Research},
  volume={29},
  number={13},
  pages={1608--1639},
  year={2010},
  publisher={SAGE Publications Sage UK: London, England}
}

@inproceedings{williams2017information,
  title={Information Theoretic {MPC} for Model-based Reinforcement Learning},
  author={Williams, Grady and Wagener, Nolan and Goldfain, Brian and Drews, Paul and Rehg, James M and Boots, Byron and Theodorou, Evangelos A},
  booktitle=icra,
  pages={1714--1721},
  year={2017},
}

@inproceedings{peters2006policy,
  title={Policy Gradient Methods for Robotics},
  author={Peters, Jan and Schaal, Stefan},
  booktitle=iros,
  pages={2219--2225},
  year={2006},
}

@inproceedings{danielczuk2019mechanical,
  title={Mechanical Search: Multi-step Retrieval of a Target Object Occluded by Clutter},
  author={Danielczuk, Michael and Kurenkov, Andrey and Balakrishna, Ashwin and Matl, Matthew and Wang, David and Mart{\'\i}n-Mart{\'\i}n, Roberto and Garg, Animesh and Savarese, Silvio and Goldberg, Ken},
  booktitle=icra,
  pages={1614--1621},
  year={2019},
}

@inproceedings{nagabandi2018neural,
  title={Neural Network Dynamics for Model-based Deep Reinforcement Learning with Model-free Fine-tuning},
  author={Nagabandi, Anusha and Kahn, Gregory and Fearing, Ronald S and Levine, Sergey},
  booktitle=icra,
  pages={7559--7566},
  year={2018}
}

@inproceedings{buckman2018sample,
  title={Sample-efficient Reinforcement Learning with Stochastic Ensemble Value Expansion},
  author={Buckman, Jacob and Hafner, Danijar and Tucker, George and Brevdo, Eugene and Lee, Honglak},
  booktitle=neurips,
  pages={8224--8234},
  year={2018}
}

@article{feinberg2018model,
  title={Model-Based Value Estimation for Efficient Model-Free Reinforcement Learning},
  author={Feinberg, Vladimir and Wan, Alvin and Stoica, Ion and Jordan, Michael I and Gonzalez, Joseph E and Levine, Sergey},
  journal={arXiv preprint arXiv:1803.00101},
  year={2018}
}

@article{kurutach2018model,
  title={Model-ensemble trust-region policy optimization},
  author={Kurutach, Thanard and Clavera, Ignasi and Duan, Yan and Tamar, Aviv and Abbeel, Pieter},
  journal={arXiv preprint arXiv:1802.10592},
  year={2018}
}

@inproceedings{clavera2018model,
  title={Model-Based Reinforcement Learning via Meta-Policy Optimization},
  author={Clavera, Ignasi and Rothfuss, Jonas and Schulman, John and Fujita, Yasuhiro and Asfour, Tamim and Abbeel, Pieter},
  booktitle={Conference on Robot Learning},
  pages={617--629},
  year={2018}
}

@article{kaiser2019model,
  title={Model-based reinforcement learning for atari},
  author={Kaiser, Lukasz and Babaeizadeh, Mohammad and Milos, Piotr and Osinski, Blazej and Campbell, Roy H and Czechowski, Konrad and Erhan, Dumitru and Finn, Chelsea and Kozakowski, Piotr and Levine, Sergey and others},
  journal={arXiv preprint arXiv:1903.00374},
  year={2019}
}

@inproceedings{walsh2010integrating,
  title={Integrating sample-based planning and model-based reinforcement learning},
  author={Walsh, Thomas J and Goschin, Sergiu and Littman, Michael L},
  booktitle=aaai,
  year={2010}
}

@article{corneil2018efficient,
  title={Efficient model-based deep reinforcement learning with variational state tabulation},
  author={Corneil, Dane and Gerstner, Wulfram and Brea, Johanni},
  journal={arXiv preprint arXiv:1802.04325},
  year={2018}
}

@inproceedings{atkeson1997comparison,
  title={A comparison of direct and model-based reinforcement learning},
  author={Atkeson, Christopher G and Santamaria, Juan Carlos},
  booktitle=icra,
  volume={4},
  pages={3557--3564},
  year={1997},
  organization={IEEE}
}

@article{igl2018deep,
  title={Deep variational reinforcement learning for pomdps},
  author={Igl, Maximilian and Zintgraf, Luisa and Le, Tuan Anh and Wood, Frank and Whiteson, Shimon},
  journal={arXiv preprint arXiv:1806.02426},
  year={2018}
}

@misc{openaibaselines,
  author = {Dhariwal, Prafulla and Hesse, Christopher and Klimov, Oleg and Nichol, Alex and Plappert, Matthias and Radford, Alec and Schulman, John and Sidor, Szymon and Wu, Yuhuai and Zhokhov, Peter},
  title = {OpenAI Baselines},
  year = {2017},
  publisher = {GitHub},
  journal = {GitHub repository},
  howpublished = {\url{https://github.com/openai/baselines}},
}

@inproceedings{pu2016variational,
  title={Variational autoencoder for deep learning of images, labels and captions},
  author={Pu, Yunchen and Gan, Zhe and Henao, Ricardo and Yuan, Xin and Li, Chunyuan and Stevens, Andrew and Carin, Lawrence},
  booktitle=nips,
  pages={2352--2360},
  year={2016}
}

@inproceedings{yan2016attribute2image,
  title={Attribute2image: Conditional image generation from visual attributes},
  author={Yan, Xinchen and Yang, Jimei and Sohn, Kihyuk and Lee, Honglak},
  booktitle=eccv,
  pages={776--791},
  year={2016},
  organization={Springer}
}

@article{hirose2019deep,
  title={Deep visual mpc-policy learning for navigation},
  author={Hirose, Noriaki and Xia, Fei and Mart{\'\i}n-Mart{\'\i}n, Roberto and Sadeghian, Amir and Savarese, Silvio},
  journal={IEEE Robotics and Automation Letters},
  volume={4},
  number={4},
  pages={3184--3191},
  year={2019},
  publisher={IEEE}
}

@article{wahlstrom2015pixels,
  title={From pixels to torques: Policy learning with deep dynamical models},
  author={Wahlstr{\"o}m, Niklas and Sch{\"o}n, Thomas B and Deisenroth, Marc Peter},
  journal={arXiv preprint arXiv:1502.02251},
  year={2015}
}